@misc{Rust_Origins_Wikipedia,
    author = "{Wikipedia contributors}",
    title = "Rust (programming language) --- Wikipedia, The Free Encyclopedia",
    year = "2023",
    url = "https://en.wikipedia.org/w/index.php?title=Rust_(programming_language)&oldid=1146879721#Origins_(2006â€“2012)",
}

@misc{Garbage_Collection_Wikipedia,
    author = "{Wikipedia contributors}",
    title = "Garbage collection (computer science) --- Wikipedia, The Free Encyclopedia",
    year = "2023",
    url = "https://en.wikipedia.org/w/index.php?title=Garbage_collection_(computer_science)&oldid=1146816153",
}
